@article{bradburd2016spatial,
  title={A spatial framework for understanding population structure and admixture},
  author={Bradburd, Gideon S and Ralph, Peter L and Coop, Graham M},
  journal={PLoS genetics},
  volume={12},
  number={1},
  pages={e1005703},
  year={2016},
  publisher={Public Library of Science San Francisco, CA USA}
}
@article{house2018evaluating,
  title={Evaluating methods to visualize patterns of genetic differentiation on a landscape},
  author={House, Geoffrey L and Hahn, Matthew W},
  journal={Molecular ecology resources},
  volume={18},
  number={3},
  pages={448--460},
  year={2018},
  publisher={Wiley Online Library}
}
@article{yang2012model,
  title={A model-based approach for analysis of spatial structure in genetic data},
  author={Yang, Wen-Yun and Novembre, John and Eskin, Eleazar and Halperin, Eran},
  journal={Nature genetics},
  volume={44},
  number={6},
  pages={725--731},
  year={2012},
  publisher={Nature Publishing Group}
}
