@article{alonso20161,
  title={1,135 genomes reveal the global pattern of polymorphism in Arabidopsis thaliana},
  author={Alonso-Blanco, Carlos and Andrade, Jorge and Becker, Claude and Bemm, Felix and Bergelson, Joy and Borgwardt, Karsten M and Cao, Jun and Chae, Eunyoung and Dezwaan, Todd M and Ding, Wei and others},
  journal={Cell},
  volume={166},
  number={2},
  pages={481--491},
  year={2016},
  publisher={Elsevier}
}
@article{battey2020predicting,
  title={Predicting geographic location from genetic variation with deep neural networks},
  author={Battey, Christopher J and Ralph, Peter L and Kern, Andrew D},
  journal={ELife},
  volume={9},
  pages={e54507},
  year={2020},
  publisher={eLife Sciences Publications Limited}
}

@article{bradburd2016spatial,
  title={A spatial framework for understanding population structure and admixture},
  author={Bradburd, Gideon S and Ralph, Peter L and Coop, Graham M},
  journal={PLoS genetics},
  volume={12},
  number={1},
  pages={e1005703},
  year={2016},
  publisher={Public Library of Science San Francisco, CA USA}
}
@article{browning2018one,
  title={A one-penny imputed genome from next-generation reference panels},
  author={Browning, Brian L and Zhou, Ying and Browning, Sharon R},
  journal={The American Journal of Human Genetics},
  volume={103},
  number={3},
  pages={338--348},
  year={2018},
  publisher={Elsevier}
}
@article{cabreros2019likelihood,
  title={A likelihood-free estimator of population structure bridging admixture models and principal components analysis},
  author={Cabreros, Irineo and Storey, John D},
  journal={Genetics},
  volume={212},
  number={4},
  pages={1009--1029},
  year={2019},
  publisher={Oxford University Press}
}
@article{chang2015second,
  title={Second-generation PLINK: rising to the challenge of larger and richer datasets},
  author={Chang, Christopher C and Chow, Carson C and Tellier, Laurent CAM and Vattikuti, Shashaank and Purcell, Shaun M and Lee, James J},
  journal={Gigascience},
  volume={4},
  number={1},
  pages={s13742--015},
  year={2015},
  publisher={Oxford University Press}
}
@article{greenbaum2016inference,
  title={Inference and analysis of population structure using genetic data and network theory},
  author={Greenbaum, Gili and Templeton, Alan R and Bar-David, Shirli},
  journal={Genetics},
  volume={202},
  number={4},
  pages={1299--1312},
  year={2016},
  publisher={Oxford University Press}
}
@article{greenbaum2019network,
  title={Network-based hierarchical population structure analysis for large genomic data sets},
  author={Greenbaum, Gili and Rubin, Amir and Templeton, Alan R and Rosenberg, Noah A},
  journal={Genome research},
  volume={29},
  number={12},
  pages={2020--2033},
  year={2019},
  publisher={Cold Spring Harbor Lab}
}
@article{gutaker2020genomic,
  title={Genomic history and ecology of the geographic spread of rice},
  author={Gutaker, Rafal M and Groen, Simon C and Bellis, Emily S and Choi, Jae Y and Pires, In{\^e}s S and Bocinsky, R Kyle and Slayton, Emma R and Wilkins, Olivia and Castillo, Cristina C and Negr{\~a}o, S{\'o}nia and others},
  journal={Nature plants},
  volume={6},
  number={5},
  pages={492--502},
  year={2020},
  publisher={Nature Publishing Group}
}
@Manual{hijmansgeosphere,
    title = {geosphere: Spherical Trigonometry},
    author = {Robert J. Hijmans},
    year = {2019},
    note = {R package version 1.5-10},
    url = {https://CRAN.R-project.org/package=geosphere},
  }
@article{house2018evaluating,
  title={Evaluating methods to visualize patterns of genetic differentiation on a landscape},
  author={House, Geoffrey L and Hahn, Matthew W},
  journal={Molecular ecology resources},
  volume={18},
  number={3},
  pages={448--460},
  year={2018},
  publisher={Wiley Online Library}
}
@article{kuismin2017cone,
  title={CONE: community oriented network estimation is a versatile framework for inferring population structure in large-scale sequencing data},
  author={Kuismin, Markku O and Ahlinder, Jon and Sillanpaa, Mikko J},
  journal={G3: Genes, Genomes, Genetics},
  volume={7},
  number={10},
  pages={3359--3377},
  year={2017},
  publisher={Oxford University Press}
}
@article{milner2019genebank,
  title={Genebank genomics highlights the diversity of a global barley collection},
  author={Milner, Sara G and Jost, Matthias and Taketa, Shin and Maz{\'o}n, Elena Rey and Himmelbach, Axel and Oppermann, Markus and Weise, Stephan and Kn{\"u}pffer, Helmut and Basterrechea, Mart{\'\i}n and K{\"o}nig, Patrick and others},
  journal={Nature genetics},
  volume={51},
  number={2},
  pages={319--326},
  year={2019},
  publisher={Nature Publishing Group}
}
@article{neuditschko2012netview,
  title={NetView: a high-definition network-visualization approach to detect fine-scale population structures from genome-wide patterns of variation},
  author={Neuditschko, Markus and Khatkar, Mehar S and Raadsma, Herman W},
  journal={PloS one},
  volume={7},
  number={10},
  pages={e48375},
  year={2012},
  publisher={Public Library of Science San Francisco, USA}
}
@article{pritchard2000inference,
  title={Inference of population structure using multilocus genotype data},
  author={Pritchard, Jonathan K and Stephens, Matthew and Donnelly, Peter},
  journal={Genetics},
  volume={155},
  number={2},
  pages={945--959},
  year={2000},
  publisher={Oxford University Press}
}
@article{rice3kproj,
  title={The 3,000 rice genomes project},
  author={3,000 Rice Genomes Project},
  journal={Gigascience},
  volume={3},
  number={1},
  pages={2047--217X},
  year={2014},
  publisher={Oxford University Press}
}
@article{steinig2016netview,
  title={netview p: a network visualization tool to unravel complex population structure using genome-wide SNP s},
  author={Steinig, Eike J and Neuditschko, Markus and Khatkar, Mehar S and Raadsma, Herman W and Zenger, Kyall R},
  journal={Molecular Ecology Resources},
  volume={16},
  number={1},
  pages={216--227},
  year={2016},
  publisher={Wiley Online Library}
}
@article{tripodi2021global,
  title={Global range expansion history of pepper (Capsicum spp.) revealed by over 10,000 genebank accessions},
  author={Tripodi, Pasquale and Rabanus-Wallace, Mark Timothy and Barchi, Lorenzo and Kale, Sandip and Esposito, Salvatore and Acquadro, Alberto and Schafleitner, Roland and van Zonneveld, Maarten and Prohens, Jaime and Diez, Maria Jos{\'e} and others},
  journal={Proceedings of the National Academy of Sciences},
  volume={118},
  number={34},
  year={2021},
  publisher={National Acad Sciences}
}
@article{wang2018genomic,
  title={Genomic variation in 3,010 diverse accessions of Asian cultivated rice},
  author={Wang, Wensheng and Mauleon, Ramil and Hu, Zhiqiang and Chebotarov, Dmytro and Tai, Shuaishuai and Wu, Zhichao and Li, Min and Zheng, Tianqing and Fuentes, Roven Rommel and Zhang, Fan and others},
  journal={Nature},
  volume={557},
  number={7703},
  pages={43--49},
  year={2018},
  publisher={Nature Publishing Group}
}
@article{weigel20091001,
  title={The 1001 genomes project for Arabidopsis thaliana},
  author={Weigel, Detlef and Mott, Richard},
  journal={Genome biology},
  volume={10},
  number={5},
  pages={1--5},
  year={2009},
  publisher={BioMed Central}
}
@article{yang2012model,
  title={A model-based approach for analysis of spatial structure in genetic data},
  author={Yang, Wen-Yun and Novembre, John and Eskin, Eleazar and Halperin, Eran},
  journal={Nature genetics},
  volume={44},
  number={6},
  pages={725--731},
  year={2012},
  publisher={Nature Publishing Group}
}
